<?xml version="1.0" encoding="UTF-8"?><collection xmlns="http://www.loc.gov/MARC21/slim"><record><leader>00687nam--2200193-i-4500</leader><controlfield tag="001">000010230</controlfield><controlfield tag="002">20161230</controlfield><controlfield tag="005">20161230201028</controlfield><controlfield tag="008">060222s1000------------r-----000-0-eng-d</controlfield><datafield ind1=" " ind2=" " tag="040"><subfield code="a">IFIN-HH</subfield></datafield><datafield ind1=" " ind2=" " tag="080"><subfield code="a">061.3:539.12:530.145:537.591:523.16:53</subfield></datafield><datafield ind1="1" ind2=" " tag="100"><subfield code="a">Melissions, A.C</subfield></datafield><datafield ind1="1" ind2="0" tag="245"><subfield code="a">Particles and fields - 1971 (prodeedings of the rochester meeting of aps/dpf 30 august - 2 september 1971). aip conference proceedings, number 2</subfield><subfield code="c">A.c. melissions, p.f. slattery (eds.)</subfield></datafield><datafield ind1=" " ind2=" " tag="260"><subfield code="a">New York</subfield><subfield code="b">American Institute Of Physics</subfield><subfield code="c">1972</subfield></datafield><datafield ind1=" " ind2=" " tag="300"><subfield code="a">323P</subfield></datafield><datafield ind1=" " ind2=" " tag="490"><subfield code="a">Aip Conference Proceedings, 2</subfield></datafield><datafield ind1="1" ind2=" " tag="700"><subfield code="a">Slattery, P.F</subfield><subfield code="e">Ed</subfield></datafield><datafield ind1=" " ind2=" " tag="852"><subfield code="a">37027</subfield><subfield code="c">53</subfield></datafield><datafield ind1=" " ind2=" " tag="CAT"><subfield code="a">Sys</subfield><subfield code="c">20150311</subfield><subfield code="h">134538</subfield></datafield></record></collection>